@article{Patashnik1980,
author = {Patashnik, Oren},
journal = {Mathematics Magazine},
keywords = {ai,game tree,games},
number = {4},
pages = {202--216},
title = {{Qubic: 4x4x4 Tic-Tac-Toe}},
url = {http://www.jstor.org/stable/2689613 },
volume = {53},
year = {1980}
}
